@misc{ enwiki:1153281227,
    author = "{Wikipedia contributors}",
    title = "Wong Kar-wai --- {Wikipedia}{,} The Free Encyclopedia",
    year = "2023",
    url = "https://en.wikipedia.org/w/index.php?title=Wong_Kar-wai&oldid=1153281227",
  }
@article{Wongkarwai,
 ISSN = {07433204},
 URL = {http://www.jstor.org/stable/40426765},
 author = {Liza Bear and Wong Kar-wai},
 journal = {BOMB},
 pages = {48--52},
 publisher = {New Art Publications},
 title = {Wong Kar-wai},
 urldate = {2023-05-13},
 year = {2001}
}
@article{BeautifulResistance,
 ISSN = {00097004},
 URL = {http://www.jstor.org/stable/41689899},
 author = {Martha P. Nochimson},
 journal = {Cinéaste},
 number = {4},
 pages = {9--13},
 publisher = {Cineaste Publishers, Inc},
 title = {Beautiful Resistance: The Early Films of Wong Kar-wai},
 urldate = {2023-05-13},
 volume = {30},
 year = {2005}
}
@article{SentimentalReturns,
 ISSN = {00286087, 1080661X},
 URL = {http://www.jstor.org/stable/20057749},
 author = {Rey Chow},
 journal = {New Literary History},
 number = {4},
 pages = {639--654},
 publisher = {Johns Hopkins University Press},
 title = {Sentimental Returns: On the Uses of the Everyday in the Recent Films of Zhang Yimou and Wong Kar-Wai},
 urldate = {2023-05-13},
 volume = {33},
 year = {2002}
}
@article{LiesandLoneliness,
 ISSN = {00097004},
 URL = {http://www.jstor.org/stable/41689901},
 author = {Martha P. Nochimson and Tony Leung Chiu Wai},
 journal = {Cinéaste},
 number = {4},
 pages = {16--17},
 publisher = {Cineaste Publishers, Inc},
 title = {Lies and Loneliness: An Interview with Tony Leung Chiu Wai},
 urldate = {2023-05-13},
 volume = {30},
 year = {2005}
}
@misc{waysofseeingwild, 
URL={https://www.ejumpcut.org/archive/jc44.2001/payne20for20site/wongkarwai1.html}, 
author = {Robert M. Payne},
journal={Ejumpcut.org}, year={2023} ,
title = {Ways of seeing wild: the cinema of Wong Kar-Wai},
}
‌@misc{welostourway, 
URL={https://www.ejumpcut.org/archive/jc55.2013/GuoHappyTogether/index.html},
journal={Ejumpcut.org},
title = {"We lost our way": the time and space of alienation in Wong Kar-wai’s Happy Together},
author={Caroline Guo},
year={2023} }

@BOOK{Rayns2015-ii,
  title     = "In the Mood for Love",
  author    = "Rayns, Tony",
  publisher = "BFI Publishing",
  series    = "BFI Film Classics",
  edition   =  1,
  month     =  nov,
  year      =  2015,
  address   = "London, England",
  language  = "en"
}

‌

